@article{Rivello2020,
  doi = {10.1101/2020.12.02.408120},
  url = {https://doi.org/10.1101/2020.12.02.408120},
  year = {2020},
  month = dec,
  publisher = {Cold Spring Harbor Laboratory},
  author = {Francesca Rivello and Erik van Buijtenen and Kinga Matu{\l}a and Jessie A.G.L. van Buggenum and Paul Vink and Hans van Eenennaam and Klaas W. Mulder and Wilhelm T. S. Huck},
  title = {Single-cell intracellular epitope and transcript detection revealing signal transduction dynamics}
}
@article{Hao2021,
  doi = {10.1016/j.cell.2021.04.048},
  url = {https://doi.org/10.1016/j.cell.2021.04.048},
  year = {2021},
  month = may,
  publisher = {Elsevier {BV}},
  author = {Yuhan Hao and Stephanie Hao and Erica Andersen-Nissen and William M. Mauck and Shiwei Zheng and Andrew Butler and Maddie J. Lee and Aaron J. Wilk and Charlotte Darby and Michael Zager and Paul Hoffman and Marlon Stoeckius and Efthymia Papalexi and Eleni P. Mimitou and Jaison Jain and Avi Srivastava and Tim Stuart and Lamar M. Fleming and Bertrand Yeung and Angela J. Rogers and Juliana M. McElrath and Catherine A. Blish and Raphael Gottardo and Peter Smibert and Rahul Satija},
  title = {Integrated analysis of multimodal single-cell data},
  journal = {Cell}
}
@article{Gayoso2021,
  doi = {10.1038/s41592-020-01050-x},
  url = {https://doi.org/10.1038/s41592-020-01050-x},
  year = {2021},
  month = feb,
  publisher = {Springer Science and Business Media {LLC}},
  volume = {18},
  number = {3},
  pages = {272--282},
  author = {Adam Gayoso and ZoÃ« Steier and Romain Lopez and Jeffrey Regier and Kristopher L. Nazor and Aaron Streets and Nir Yosef},
  title = {Joint probabilistic modeling of single-cell multi-omic data with {totalVI}},
  journal = {Nature Methods}
}
@article{Chung2021,
  doi = {10.1101/2021.01.18.427139},
  url = {https://doi.org/10.1101/2021.01.18.427139},
  year = {2021},
  month = jan,
  publisher = {Cold Spring Harbor Laboratory},
  author = {Hattie Chung and Christopher N. Parkhurst and Emma M. Magee and Devan Phillips and Ehsan Habibi and Fei Chen and Bertrand Yeung and Julia Waldman and David Artis and Aviv Regev},
  title = {Simultaneous single cell measurements of intranuclear proteins and gene expression}
}
@article{Peterson2017,
  doi = {10.1038/nbt.3973},
  url = {https://doi.org/10.1038/nbt.3973},
  year = {2017},
  month = aug,
  publisher = {Springer Science and Business Media {LLC}},
  volume = {35},
  number = {10},
  pages = {936--939},
  author = {Vanessa M Peterson and Kelvin Xi Zhang and Namit Kumar and Jerelyn Wong and Lixia Li and Douglas C Wilson and Renee Moore and Terrill K McClanahan and Svetlana Sadekova and Joel A Klappenbach},
  title = {Multiplexed quantification of proteins and transcripts in single cells},
  journal = {Nature Biotechnology}
}
@article{LaManno2018,
  doi = {10.1038/s41586-018-0414-6},
  url = {https://doi.org/10.1038/s41586-018-0414-6},
  year = {2018},
  month = aug,
  publisher = {Springer Science and Business Media {LLC}},
  volume = {560},
  number = {7719},
  pages = {494--498},
  author = {Gioele La Manno and Ruslan Soldatov and Amit Zeisel and Emelie Braun and Hannah Hochgerner and Viktor Petukhov and Katja Lidschreiber and Maria E. Kastriti and Peter L\"{o}nnerberg and Alessandro Furlan and Jean Fan and Lars E. Borm and Zehua Liu and David van Bruggen and Jimin Guo and Xiaoling He and Roger Barker and Erik Sundstr\"{o}m and Gon{\c{c}}alo Castelo-Branco and Patrick Cramer and Igor Adameyko and Sten Linnarsson and Peter V. Kharchenko},
  title = {{RNA} velocity of single cells},
  journal = {Nature}
}
@article{Stoeckius2018,
  doi = {10.1186/s13059-018-1603-1},
  url = {https://doi.org/10.1186/s13059-018-1603-1},
  year = {2018},
  month = dec,
  publisher = {Springer Science and Business Media {LLC}},
  volume = {19},
  number = {1},
  author = {Marlon Stoeckius and Shiwei Zheng and Brian Houck-Loomis and Stephanie Hao and Bertrand Z. Yeung and William M. Mauck and Peter Smibert and Rahul Satija},
  title = {Cell Hashing with barcoded antibodies enables multiplexing and doublet detection for single cell genomics},
  journal = {Genome Biology}
}
@article{Clark2016,
  doi = {10.1186/s13059-016-0944-x},
  url = {https://doi.org/10.1186/s13059-016-0944-x},
  year = {2016},
  month = apr,
  publisher = {Springer Science and Business Media {LLC}},
  volume = {17},
  number = {1},
  author = {Stephen J. Clark and Heather J. Lee and S{\'{e}}bastien A. Smallwood and Gavin Kelsey and Wolf Reik},
  title = {Single-cell epigenomics: powerful new methods for understanding gene regulation and cell identity},
  journal = {Genome Biology}
}
@article{Stoeckius2017,
  doi = {10.1038/nmeth.4380},
  url = {https://doi.org/10.1038/nmeth.4380},
  year = {2017},
  month = jul,
  publisher = {Springer Science and Business Media {LLC}},
  volume = {14},
  number = {9},
  pages = {865--868},
  author = {Marlon Stoeckius and Christoph Hafemeister and William Stephenson and Brian Houck-Loomis and Pratip K Chattopadhyay and Harold Swerdlow and Rahul Satija and Peter Smibert},
  title = {Simultaneous epitope and transcriptome measurement in single cells},
  journal = {Nature Methods}
}
@article{Stuart2019,
  doi = {10.1038/s41576-019-0093-7},
  url = {https://doi.org/10.1038/s41576-019-0093-7},
  year = {2019},
  month = jan,
  publisher = {Springer Science and Business Media {LLC}},
  volume = {20},
  number = {5},
  pages = {257--272},
  author = {Tim Stuart and Rahul Satija},
  title = {Integrative single-cell analysis},
  journal = {Nature Reviews Genetics}
}
@article{Frangieh2021,
  doi = {10.1038/s41588-021-00779-1},
  url = {https://doi.org/10.1038/s41588-021-00779-1},
  year = {2021},
  month = mar,
  publisher = {Springer Science and Business Media {LLC}},
  volume = {53},
  number = {3},
  pages = {332--341},
  author = {Chris J. Frangieh and Johannes C. Melms and Pratiksha I. Thakore and Kathryn R. Geiger-Schuller and Patricia Ho and Adrienne M. Luoma and Brian Cleary and Livnat Jerby-Arnon and Shruti Malu and Michael S. Cuoco and Maryann Zhao and Casey R. Ager and Meri Rogava and Lila Hovey and Asaf Rotem and Chantale Bernatchez and Kai W. Wucherpfennig and Bruce E. Johnson and Orit Rozenblatt-Rosen and Dirk Schadendorf and Aviv Regev and Benjamin Izar},
  title = {Multimodal pooled Perturb-{CITE}-seq screens in patient models define mechanisms of cancer immune evasion},
  journal = {Nature Genetics}
}
@article{Mimitou2019,
  doi = {10.1038/s41592-019-0392-0},
  url = {https://doi.org/10.1038/s41592-019-0392-0},
  year = {2019},
  month = apr,
  publisher = {Springer Science and Business Media {LLC}},
  volume = {16},
  number = {5},
  pages = {409--412},
  author = {Eleni P. Mimitou and Anthony Cheng and Antonino Montalbano and Stephanie Hao and Marlon Stoeckius and Mateusz Legut and Timothy Roush and Alberto Herrera and Efthymia Papalexi and Zhengqing Ouyang and Rahul Satija and Neville E. Sanjana and Sergei B. Koralov and Peter Smibert},
  title = {Multiplexed detection of proteins,  transcriptomes,  clonotypes and {CRISPR} perturbations in single cells},
  journal = {Nature Methods}
}
@article{Efremova2020,
  doi = {10.1038/s41592-019-0692-4},
  url = {https://doi.org/10.1038/s41592-019-0692-4},
  year = {2020},
  month = jan,
  publisher = {Springer Science and Business Media {LLC}},
  volume = {17},
  number = {1},
  pages = {14--17},
  author = {Mirjana Efremova and Sarah A. Teichmann},
  title = {Computational methods for single-cell omics across modalities},
  journal = {Nature Methods}
}
@article{Gerlach2019,
  doi = {10.1038/s41598-018-37977-7},
  url = {https://doi.org/10.1038/s41598-018-37977-7},
  year = {2019},
  month = feb,
  publisher = {Springer Science and Business Media {LLC}},
  volume = {9},
  number = {1},
  author = {Jan. P. Gerlach and Jessie A. G. van Buggenum and Sabine E. J. Tanis and Mark Hogeweg and Branco M. H. Heuts and Mauro J. Muraro and Lisa Elze and Francesca Rivello and Agata Rakszewska and Alexander van Oudenaarden and Wilhelm T. S. Huck and Hendrik G. Stunnenberg and Klaas W. Mulder},
  title = {Combined quantification of intracellular (phospho-)proteins and transcriptomics from fixed single cells},
  journal = {Scientific Reports}
}
@article{Katzenelenbogen2020,
  doi = {10.1016/j.cell.2020.06.032},
  url = {https://doi.org/10.1016/j.cell.2020.06.032},
  year = {2020},
  month = aug,
  publisher = {Elsevier {BV}},
  volume = {182},
  number = {4},
  pages = {872--885.e19},
  author = {Yonatan Katzenelenbogen and Fadi Sheban and Adam Yalin and Ido Yofe and Dmitry Svetlichnyy and Diego Adhemar Jaitin and Chamutal Bornstein and Adi Moshe and Hadas Keren-Shaul and Merav Cohen and Shuang-Yin Wang and Baoguo Li and Eyal David and Tomer-Meir Salame and Assaf Weiner and Ido Amit},
  title = {Coupled {scRNA}-Seq and Intracellular Protein Activity Reveal an Immunosuppressive Role of {TREM}2 in Cancer},
  journal = {Cell}
}
@article{Adamson2016,
  doi = {10.1016/j.cell.2016.11.048},
  url = {https://doi.org/10.1016/j.cell.2016.11.048},
  year = {2016},
  month = dec,
  publisher = {Elsevier {BV}},
  volume = {167},
  number = {7},
  pages = {1867--1882.e21},
  author = {Britt Adamson and Thomas M. Norman and Marco Jost and Min Y. Cho and James K. Nu{\~{n}}ez and Yuwen Chen and Jacqueline E. Villalta and Luke A. Gilbert and Max A. Horlbeck and Marco Y. Hein and Ryan A. Pak and Andrew N. Gray and Carol A. Gross and Atray Dixit and Oren Parnas and Aviv Regev and Jonathan S. Weissman},
  title = {A Multiplexed Single-Cell {CRISPR} Screening Platform Enables Systematic Dissection of the Unfolded Protein Response},
  journal = {Cell}
}
@article{Gilbert2013,
  doi = {10.1016/j.cell.2013.06.044},
  url = {https://doi.org/10.1016/j.cell.2013.06.044},
  year = {2013},
  month = jul,
  publisher = {Elsevier {BV}},
  volume = {154},
  number = {2},
  pages = {442--451},
  author = {Luke~A. Gilbert and Matthew~H. Larson and Leonardo Morsut and Zairan Liu and Gloria~A. Brar and Sandra~E. Torres and Noam Stern-Ginossar and Onn Brandman and Evan~H. Whitehead and Jennifer~A. Doudna and Wendell~A. Lim and Jonathan~S. Weissman and Lei~S. Qi},
  title = {{CRISPR}-Mediated Modular {RNA}-Guided Regulation of Transcription in Eukaryotes},
  journal = {Cell}
}
@article{Dixit2016,
  doi = {10.1016/j.cell.2016.11.038},
  url = {https://doi.org/10.1016/j.cell.2016.11.038},
  year = {2016},
  month = dec,
  publisher = {Elsevier {BV}},
  volume = {167},
  number = {7},
  pages = {1853--1866.e17},
  author = {Atray Dixit and Oren Parnas and Biyu Li and Jenny Chen and Charles P. Fulco and Livnat Jerby-Arnon and Nemanja D. Marjanovic and Danielle Dionne and Tyler Burks and Raktima Raychowdhury and Britt Adamson and Thomas M. Norman and Eric S. Lander and Jonathan S. Weissman and Nir Friedman and Aviv Regev},
  title = {Perturb-Seq: Dissecting Molecular Circuits with Scalable Single-Cell {RNA} Profiling of Pooled Genetic Screens},
  journal = {Cell}
}
@article{Bergen2020,
  doi = {10.1038/s41587-020-0591-3},
  url = {https://doi.org/10.1038/s41587-020-0591-3},
  year = {2020},
  month = aug,
  publisher = {Springer Science and Business Media {LLC}},
  volume = {38},
  number = {12},
  pages = {1408--1414},
  author = {Volker Bergen and Marius Lange and Stefan Peidli and F. Alexander Wolf and Fabian J. Theis},
  title = {Generalizing {RNA} velocity to transient cell states through dynamical modeling},
  journal = {Nature Biotechnology}
}
@article{Gorin2020,
  doi = {10.1186/s13059-020-1945-3},
  url = {https://doi.org/10.1186/s13059-020-1945-3},
  year = {2020},
  month = feb,
  publisher = {Springer Science and Business Media {LLC}},
  volume = {21},
  number = {1},
  author = {Gennady Gorin and Valentine Svensson and Lior Pachter},
  title = {Protein velocity and acceleration from single-cell multiomics experiments},
  journal = {Genome Biology}
}
@article{Bergen2021,
  doi = {10.15252/msb.202110282},
  url = {https://doi.org/10.15252/msb.202110282},
  year = {2021},
  month = aug,
  publisher = {{EMBO}},
  volume = {17},
  number = {8},
  author = {Volker Bergen and Ruslan A Soldatov and Peter V Kharchenko and Fabian J Theis},
  title = {{RNA} velocity{\textemdash}current challenges and future perspectives},
  journal = {Molecular Systems Biology}
}
@article{Argelaguet2020,
  doi = {10.1186/s13059-020-02015-1},
  url = {https://doi.org/10.1186/s13059-020-02015-1},
  year = {2020},
  month = may,
  publisher = {Springer Science and Business Media {LLC}},
  volume = {21},
  number = {1},
  author = {Ricard Argelaguet and Damien Arnol and Danila Bredikhin and Yonatan Deloro and Britta Velten and John C. Marioni and Oliver Stegle},
  title = {{MOFA+: a statistical framework for comprehensive integration of multi-modal single-cell data},
  journal = {Genome Biology}
}}
@article{Argelaguet2018,
  doi = {10.15252/msb.20178124},
  url = {https://doi.org/10.15252/msb.20178124},
  year = {2018},
  month = jun,
  publisher = {{EMBO}},
  volume = {14},
  number = {6},
  author = {Ricard Argelaguet and Britta Velten and Damien Arnol and Sascha Dietrich and Thorsten Zenz and John C Marioni and Florian Buettner and Wolfgang Huber and Oliver Stegle},
  title = {Multi-Omics Factor Analysis{\textemdash}a framework for unsupervised integration of multi-omics data sets},
  journal = {Molecular Systems Biology}
}
@article{Bianconi2013,
  doi = {10.3109/03014460.2013.807878},
  url = {https://doi.org/10.3109/03014460.2013.807878},
  year = {2013},
  month = jul,
  publisher = {Informa {UK} Limited},
  volume = {40},
  number = {6},
  pages = {463--471},
  author = {Eva Bianconi and Allison Piovesan and Federica Facchin and Alina Beraudi and Raffaella Casadei and Flavia Frabetti and Lorenza Vitale and Maria Chiara Pelleri and Simone Tassani and Francesco Piva and Soledad Perez-Amodio and Pierluigi Strippoli and Silvia Canaider},
  title = {An estimation of the number of cells in the human body},
  journal = {Annals of Human Biology}
}
@article{Tang2009,
  doi = {10.1038/nmeth.1315},
  url = {https://doi.org/10.1038/nmeth.1315},
  year = {2009},
  month = apr,
  publisher = {Springer Science and Business Media {LLC}},
  volume = {6},
  number = {5},
  pages = {377--382},
  author = {Fuchou Tang and Catalin Barbacioru and Yangzhou Wang and Ellen Nordman and Clarence Lee and Nanlan Xu and Xiaohui Wang and John Bodeau and Brian B Tuch and Asim Siddiqui and Kaiqin Lao and M Azim Surani},
  title = {{mRNA}-Seq whole-transcriptome analysis of a single cell},
  journal = {Nature Methods}
}
@article{Svensson2018,
  doi = {10.1038/nprot.2017.149},
  url = {https://doi.org/10.1038/nprot.2017.149},
  year = {2018},
  month = mar,
  publisher = {Springer Science and Business Media {LLC}},
  volume = {13},
  number = {4},
  pages = {599--604},
  author = {Valentine Svensson and Roser Vento-Tormo and Sarah A Teichmann},
  title = {Exponential scaling of single-cell {RNA}-seq in the past decade},
  journal = {Nature Protocols}
}
@article{Haque2017,
  doi = {10.1186/s13073-017-0467-4},
  url = {https://doi.org/10.1186/s13073-017-0467-4},
  year = {2017},
  month = aug,
  publisher = {Springer Science and Business Media {LLC}},
  volume = {9},
  number = {1},
  author = {Ashraful Haque and Jessica Engel and Sarah A. Teichmann and Tapio L\"{o}nnberg},
  title = {A practical guide to single-cell {RNA}-sequencing for biomedical research and clinical applications},
  journal = {Genome Medicine}
}
@article{Darmanis2016,
  doi = {10.1016/j.celrep.2015.12.021},
  url = {https://doi.org/10.1016/j.celrep.2015.12.021},
  year = {2016},
  month = jan,
  publisher = {Elsevier {BV}},
  volume = {14},
  number = {2},
  pages = {380--389},
  author = {Spyros Darmanis and Caroline Julie Gallant and Voichita Dana Marinescu and Mia Niklasson and Anna Segerman and Georgios Flamourakis and Simon Fredriksson and Erika Assarsson and Martin Lundberg and Sven Nelander and Bengt Westermark and Ulf Landegren},
  title = {Simultaneous Multiplexed Measurement of {RNA} and Proteins in Single Cells},
  journal = {Cell Reports}
}
@article{Genshaft2016,
  doi = {10.1186/s13059-016-1045-6},
  url = {https://doi.org/10.1186/s13059-016-1045-6},
  year = {2016},
  month = sep,
  publisher = {Springer Science and Business Media {LLC}},
  volume = {17},
  number = {1},
  author = {Alex S Genshaft and Shuqiang Li and Caroline J. Gallant and Spyros Darmanis and Sanjay M. Prakadan and Carly G. K. Ziegler and Martin Lundberg and Simon Fredriksson and Joyce Hong and Aviv Regev and Kenneth J. Livak and Ulf Landegren and Alex K. Shalek},
  title = {Multiplexed,  targeted profiling of single-cell proteomes and transcriptomes in a single reaction},
  journal = {Genome Biology}
}
@article{Albayrak2016,
  doi = {10.1016/j.molcel.2016.02.030},
  url = {https://doi.org/10.1016/j.molcel.2016.02.030},
  year = {2016},
  month = mar,
  publisher = {Elsevier {BV}},
  volume = {61},
  number = {6},
  pages = {914--924},
  author = {Cem Albayrak and Christian~A. Jordi and Christoph Zechner and Jing Lin and Colette~A. Bichsel and Mustafa Khammash and Sava{\c{s}} Tay},
  title = {Digital Quantification of Proteins and {mRNA} in Single Mammalian Cells},
  journal = {Molecular Cell}
}
@article{Macosko2015,
  doi = {10.1016/j.cell.2015.05.002},
  url = {https://doi.org/10.1016/j.cell.2015.05.002},
  year = {2015},
  month = may,
  publisher = {Elsevier {BV}},
  volume = {161},
  number = {5},
  pages = {1202--1214},
  author = {Evan~Z. Macosko and Anindita Basu and Rahul Satija and James Nemesh and Karthik Shekhar and Melissa Goldman and Itay Tirosh and Allison~R. Bialas and Nolan Kamitaki and Emily~M. Martersteck and John~J. Trombetta and David~A. Weitz and Joshua~R. Sanes and Alex~K. Shalek and Aviv Regev and Steven~A. McCarroll},
  title = {Highly Parallel Genome-wide Expression Profiling of Individual Cells Using Nanoliter Droplets},
  journal = {Cell}
}
@article{Villani2017,
  doi = {10.1126/science.aah4573},
  url = {https://doi.org/10.1126/science.aah4573},
  year = {2017},
  month = apr,
  publisher = {American Association for the Advancement of Science ({AAAS})},
  volume = {356},
  number = {6335},
  pages = {eaah4573},
  author = {Alexandra-Chlo{\'{e}} Villani and Rahul Satija and Gary Reynolds and Siranush Sarkizova and Karthik Shekhar and James Fletcher and Morgane Griesbeck and Andrew Butler and Shiwei Zheng and Suzan Lazo and Laura Jardine and David Dixon and Emily Stephenson and Emil Nilsson and Ida Grundberg and David McDonald and Andrew Filby and Weibo Li and Philip L. De Jager and Orit Rozenblatt-Rosen and Andrew A. Lane and Muzlifah Haniffa and Aviv Regev and Nir Hacohen},
  title = {Single-cell {RNA}-seq reveals new types of human blood dendritic cells,  monocytes,  and progenitors},
  journal = {Science}
}
@article{Muraro2016,
  doi = {10.1016/j.cels.2016.09.002},
  url = {https://doi.org/10.1016/j.cels.2016.09.002},
  year = {2016},
  month = oct,
  publisher = {Elsevier {BV}},
  volume = {3},
  number = {4},
  pages = {385--394.e3},
  author = {Mauro~J. Muraro and Gitanjali Dharmadhikari and Dominic Gr\"{u}n and Nathalie Groen and Tim Dielen and Erik Jansen and Leon van~Gurp and Marten~A. Engelse and Francoise Carlotti and Eelco~J.P. de~Koning and Alexander van~Oudenaarden},
  title = {A Single-Cell Transcriptome Atlas of the Human Pancreas},
  journal = {Cell Systems}
}
@article{Hashimshony2016,
  doi = {10.1186/s13059-016-0938-8},
  url = {https://doi.org/10.1186/s13059-016-0938-8},
  year = {2016},
  month = apr,
  publisher = {Springer Science and Business Media {LLC}},
  volume = {17},
  number = {1},
  author = {Tamar Hashimshony and Naftalie Senderovich and Gal Avital and Agnes Klochendler and Yaron de Leeuw and Leon Anavy and Dave Gennert and Shuqiang Li and Kenneth J. Livak and Orit Rozenblatt-Rosen and Yuval Dor and Aviv Regev and Itai Yanai},
  title = {{CEL}-Seq2: sensitive highly-multiplexed single-cell {RNA}-Seq},
  journal = {Genome Biology}
}
@article{Klein2015,
  doi = {10.1016/j.cell.2015.04.044},
  url = {https://doi.org/10.1016/j.cell.2015.04.044},
  year = {2015},
  month = may,
  publisher = {Elsevier {BV}},
  volume = {161},
  number = {5},
  pages = {1187--1201},
  author = {Allon~M. Klein and Linas Mazutis and Ilke Akartuna and Naren Tallapragada and Adrian Veres and Victor Li and Leonid Peshkin and David~A. Weitz and Marc~W. Kirschner},
  title = {Droplet Barcoding for Single-Cell Transcriptomics Applied to Embryonic Stem Cells},
  journal = {Cell}
}
@article{Slyper2020,
  doi = {10.1038/s41591-020-0844-1},
  url = {https://doi.org/10.1038/s41591-020-0844-1},
  year = {2020},
  month = may,
  publisher = {Springer Science and Business Media {LLC}},
  volume = {26},
  number = {5},
  pages = {792--802},
  author = {Michal Slyper and Caroline B. M. Porter and Orr Ashenberg and Julia Waldman and Eugene Drokhlyansky and Isaac Wakiro and Christopher Smillie and Gabriela Smith-Rosario and Jingyi Wu and Danielle Dionne and S{\'{e}}bastien Vigneau and Judit Jan{\'{e}}-Valbuena and Timothy L. Tickle and Sara Napolitano and Mei-Ju Su and Anand G. Patel and Asa Karlstrom and Simon Gritsch and Masashi Nomura and Avinash Waghray and Satyen H. Gohil and Alexander M. Tsankov and Livnat Jerby-Arnon and Ofir Cohen and Johanna Klughammer and Yanay Rosen and Joshua Gould and Lan Nguyen and Matan Hofree and Peter J. Tramontozzi and Bo Li and Catherine J. Wu and Benjamin Izar and Rizwan Haq and F. Stephen Hodi and Charles H. Yoon and Aaron N. Hata and Suzanne J. Baker and Mario L. Suv{\`{a}} and Raphael Bueno and Elizabeth H. Stover and Michael R. Clay and Michael A. Dyer and Natalie B. Collins and Ursula A. Matulonis and Nikhil Wagle and Bruce E. Johnson and Asaf Rotem and Orit Rozenblatt-Rosen and Aviv Regev},
  title = {A single-cell and single-nucleus {RNA}-Seq toolbox for fresh and frozen human tumors},
  journal = {Nature Medicine}
}
@article{Gaublomme2019,
  doi = {10.1038/s41467-019-10756-2},
  url = {https://doi.org/10.1038/s41467-019-10756-2},
  year = {2019},
  month = jul,
  publisher = {Springer Science and Business Media {LLC}},
  volume = {10},
  number = {1},
  author = {Jellert T. Gaublomme and Bo Li and Cristin McCabe and Abigail Knecht and Yiming Yang and Eugene Drokhlyansky and Nicholas Van Wittenberghe and Julia Waldman and Danielle Dionne and Lan Nguyen and Philip L. De Jager and Bertrand Yeung and Xinfang Zhao and Naomi Habib and Orit Rozenblatt-Rosen and Aviv Regev},
  title = {Nuclei multiplexing with barcoded antibodies for single-nucleus genomics},
  journal = {Nature Communications}
}
@article{Zhang2021,
  doi = {10.1038/s41592-020-01020-3},
  url = {https://doi.org/10.1038/s41592-020-01020-3},
  year = {2021},
  month = jan,
  publisher = {Springer Science and Business Media {LLC}},
  volume = {18},
  number = {1},
  pages = {92--99},
  author = {Ze Zhang and Danyi Xiong and Xinlei Wang and Hongyu Liu and Tao Wang},
  title = {Mapping the functional landscape of T cell receptor repertoires by single-T cell transcriptomics},
  journal = {Nature Methods}
}
@article{Nathan2019,
  doi = {10.1016/j.coi.2019.07.002},
  url = {https://doi.org/10.1016/j.coi.2019.07.002},
  year = {2019},
  month = dec,
  publisher = {Elsevier {BV}},
  volume = {61},
  pages = {17--25},
  author = {Aparna Nathan and Yuriy Baglaenko and Chamith Y Fonseka and Jessica I Beynor and Soumya Raychaudhuri},
  title = {Multimodal single-cell approaches shed light on T cell heterogeneity},
  journal = {Current Opinion in Immunology}
}
@article{AlJanahi2018,
  doi = {10.1016/j.omtm.2018.07.003},
  url = {https://doi.org/10.1016/j.omtm.2018.07.003},
  year = {2018},
  month = sep,
  publisher = {Elsevier {BV}},
  volume = {10},
  pages = {189--196},
  author = {Aisha A. AlJanahi and Mark Danielsen and Cynthia E. Dunbar},
  title = {An Introduction to the Analysis of Single-Cell {RNA}-Sequencing Data},
  journal = {Molecular Therapy - Methods {\&} Clinical Development}
}
@article{Sarkar2021,
  doi = {10.1038/s41588-021-00873-4},
  url = {https://doi.org/10.1038/s41588-021-00873-4},
  year = {2021},
  month = may,
  publisher = {Springer Science and Business Media {LLC}},
  volume = {53},
  number = {6},
  pages = {770--777},
  author = {Abhishek Sarkar and Matthew Stephens},
  title = {Separating measurement and expression models clarifies confusion in single-cell {RNA} sequencing analysis},
  journal = {Nature Genetics}
}
@article{Qiu2020,
  doi = {10.1038/s41467-020-14976-9},
  url = {https://doi.org/10.1038/s41467-020-14976-9},
  year = {2020},
  month = mar,
  publisher = {Springer Science and Business Media {LLC}},
  volume = {11},
  number = {1},
  author = {Peng Qiu},
  title = {Embracing the dropouts in single-cell {RNA}-seq analysis},
  journal = {Nature Communications}
}
@article{Schwanhusser2011,
  doi = {10.1038/nature10098},
  url = {https://doi.org/10.1038/nature10098},
  year = {2011},
  month = may,
  publisher = {Springer Science and Business Media {LLC}},
  volume = {473},
  number = {7347},
  pages = {337--342},
  author = {Bj\"{o}rn Schwanh\"{a}usser and Dorothea Busse and Na Li and Gunnar Dittmar and Johannes Schuchhardt and Jana Wolf and Wei Chen and Matthias Selbach},
  title = {Global quantification of mammalian gene expression control},
  journal = {Nature}
}
@article{NatMethOTY2019,
  doi = {10.1038/s41592-019-0703-5},
  url = {https://doi.org/10.1038/s41592-019-0703-5},
  year = {2020},
  month = jan,
  publisher = {Springer Science and Business Media {LLC}},
  volume = {17},
  number = {1},
  pages = {1--1},
  title = {Method of the Year 2019: Single-cell multimodal omics},
  journal = {Nature Methods}
}
@article{Lopez2018,
  doi = {10.1038/s41592-018-0229-2},
  url = {https://doi.org/10.1038/s41592-018-0229-2},
  year = {2018},
  month = nov,
  publisher = {Springer Science and Business Media {LLC}},
  volume = {15},
  number = {12},
  pages = {1053--1058},
  author = {Romain Lopez and Jeffrey Regier and Michael B. Cole and Michael I. Jordan and Nir Yosef},
  title = {Deep generative modeling for single-cell transcriptomics},
  journal = {Nature Methods}
}
@article{vanderMaaten2008,
    title = {Visualizing High-Dimensional Data Using t-SNE},
    volume = {9},
    pages = {2579-2605},
    year = {2008},
    author = {L.J.P. {van der Maaten} and G.E. Hinton},
    journal = {Journal of Machine Learning Research},
}
@misc{McInnes2018,
Author = {Leland McInnes and John Healy and James Melville},
Title = {UMAP: Uniform Manifold Approximation and Projection for Dimension Reduction},
Year = {2018},
Eprint = {arXiv:1802.03426},
}
@article{Do2021,
  doi = {10.1186/s13059-021-02356-5},
  url = {https://doi.org/10.1186/s13059-021-02356-5},
  year = {2021},
  month = may,
  publisher = {Springer Science and Business Media {LLC}},
  volume = {22},
  number = {1},
  author = {Van Hoan Do and Stefan Canzar},
  title = {A generalization of t-{SNE} and {UMAP} to single-cell multimodal omics},
  journal = {Genome Biology}
}
@article{Adossa2021,
  doi = {10.1016/j.csbj.2021.04.060},
  url = {https://doi.org/10.1016/j.csbj.2021.04.060},
  year = {2021},
  publisher = {Elsevier {BV}},
  volume = {19},
  pages = {2588--2596},
  author = {Nigatu Adossa and Sofia Khan and Kalle T. Rytk\"{o}nen and Laura L. Elo},
  title = {Computational strategies for single-cell multi-omics integration},
  journal = {Computational and Structural Biotechnology Journal}
}
@article{Zuo2020,
  doi = {10.1093/bib/bbaa287},
  url = {https://doi.org/10.1093/bib/bbaa287},
  year = {2020},
  month = nov,
  publisher = {Oxford University Press ({OUP})},
  volume = {22},
  number = {4},
  author = {Chunman Zuo and Luonan Chen},
  title = {Deep-joint-learning analysis model of single cell transcriptome and open chromatin accessibility data},
  journal = {Briefings in Bioinformatics}
}
@article{Dou2020,
  doi = {10.1101/2020.12.11.422014},
  url = {https://doi.org/10.1101/2020.12.11.422014},
  year = {2020},
  month = dec,
  publisher = {Cold Spring Harbor Laboratory},
  author = {Jinzhuang Dou and Shaoheng Liang and Vakul Mohanty and Xuesen Cheng and Sangbae Kim and Jongsu Choi and Yumei Li and Katayoun Rezvani and Rui Chen and Ken Chen},
  title = {Unbiased integration of single cell multi-omics data}
}
@article{Singh2021,
  doi = {10.1186/s13059-021-02313-2},
  url = {https://doi.org/10.1186/s13059-021-02313-2},
  year = {2021},
  month = may,
  publisher = {Springer Science and Business Media {LLC}},
  volume = {22},
  number = {1},
  author = {Rohit Singh and Brian L. Hie and Ashwin Narayan and Bonnie Berger},
  title = {Schema: metric learning enables interpretable synthesis of heterogeneous single-cell modalities},
  journal = {Genome Biology}
}
@article{Chen2021,
  doi = {10.1101/2021.07.29.454078},
  url = {https://doi.org/10.1101/2021.07.29.454078},
  year = {2021},
  month = jul,
  publisher = {Cold Spring Harbor Laboratory},
  author = {Amy F Chen and Benjamin Parks and Arwa S Kathiria and Benjamin Ober-Reynolds and Jorg Goronzy and William J Greenleaf},
  title = {{NEAT}-seq: Simultaneous profiling of intra-nuclear proteins,  chromatin accessibility,  and gene expression in single cells}
}
@article{Saelens2019,
  doi = {10.1038/s41587-019-0071-9},
  url = {https://doi.org/10.1038/s41587-019-0071-9},
  year = {2019},
  month = apr,
  publisher = {Springer Science and Business Media {LLC}},
  volume = {37},
  number = {5},
  pages = {547--554},
  author = {Wouter Saelens and Robrecht Cannoodt and Helena Todorov and Yvan Saeys},
  title = {A comparison of single-cell trajectory inference methods},
  journal = {Nature Biotechnology}
}
@article{Buus2021,
  doi = {10.7554/elife.61973},
  url = {https://doi.org/10.7554/elife.61973},
  year = {2021},
  month = apr,
  publisher = {{eLife} Sciences Publications,  Ltd},
  volume = {10},
  author = {Terkild B Buus and Alberto Herrera and Ellie Ivanova and Eleni Mimitou and Anthony Cheng and Ramin S Herati and Thales Papagiannakopoulos and Peter Smibert and Niels Odum and Sergei B Koralov},
  title = {Improving oligo-conjugated antibody signal in multimodal single-cell analysis},
  journal = {{eLife}}
}
@article{Mule2020,
  doi = {10.1101/2020.02.24.963603},
  url = {https://doi.org/10.1101/2020.02.24.963603},
  year = {2020},
  month = feb,
  publisher = {Cold Spring Harbor Laboratory},
  author = {Matthew P. Mul{\`{e}} and Andrew J. Martins and John S. Tsang},
  title = {Normalizing and denoising protein expression data from droplet-based single cell profiling}
}
@article{Swanson2021,
  doi = {10.7554/elife.63632},
  url = {https://doi.org/10.7554/elife.63632},
  year = {2021},
  month = apr,
  publisher = {{eLife} Sciences Publications,  Ltd},
  volume = {10},
  author = {Elliott Swanson and Cara Lord and Julian Reading and Alexander T Heubeck and Palak C Genge and Zachary Thomson and Morgan DA Weiss and Xiao-jun Li and Adam K Savage and Richard R Green and Troy R Torgerson and Thomas F Bumol and Lucas T Graybuck and Peter J Skene},
  title = {Simultaneous trimodal single-cell measurement of transcripts,  epitopes,  and chromatin accessibility using {TEA}-seq},
  journal = {{eLife}}
}
@article{Mimitou2021,
  doi = {10.1038/s41587-021-00927-2},
  url = {https://doi.org/10.1038/s41587-021-00927-2},
  year = {2021},
  month = jun,
  publisher = {Springer Science and Business Media {LLC}},
  author = {Eleni P. Mimitou and Caleb A. Lareau and Kelvin Y. Chen and Andre L. Zorzetto-Fernandes and Yuhan Hao and Yusuke Takeshima and Wendy Luo and Tse-Shun Huang and Bertrand Z. Yeung and Efthymia Papalexi and Pratiksha I. Thakore and Tatsuya Kibayashi and James Badger Wing and Mayu Hata and Rahul Satija and Kristopher L. Nazor and Shimon Sakaguchi and Leif S. Ludwig and Vijay G. Sankaran and Aviv Regev and Peter Smibert},
  title = {Scalable,  multimodal profiling of chromatin accessibility,  gene expression and protein levels in single cells},
  journal = {Nature Biotechnology}
}
@article{Ma2020,
  doi = {10.1016/j.cell.2020.09.056},
  url = {https://doi.org/10.1016/j.cell.2020.09.056},
  year = {2020},
  month = nov,
  publisher = {Elsevier {BV}},
  volume = {183},
  number = {4},
  pages = {1103--1116.e20},
  author = {Sai Ma and Bing Zhang and Lindsay M. LaFave and Andrew S. Earl and Zachary Chiang and Yan Hu and Jiarui Ding and Alison Brack and Vinay K. Kartha and Tristan Tay and Travis Law and Caleb Lareau and Ya-Chieh Hsu and Aviv Regev and Jason D. Buenrostro},
  title = {Chromatin Potential Identified by Shared Single-Cell Profiling of {RNA} and Chromatin},
  journal = {Cell}
}
@article{Welch2017,
  doi = {10.1186/s13059-017-1269-0},
  url = {https://doi.org/10.1186/s13059-017-1269-0},
  year = {2017},
  month = jul,
  publisher = {Springer Science and Business Media {LLC}},
  volume = {18},
  number = {1},
  author = {Joshua D. Welch and Alexander J. Hartemink and Jan F. Prins},
  title = {{MATCHER}: manifold alignment reveals correspondence between single cell transcriptome and epigenome dynamics},
  journal = {Genome Biology}
}
@article{Wang2020,
  doi = {10.1093/nar/gkaa314},
  url = {https://doi.org/10.1093/nar/gkaa314},
  year = {2020},
  month = may,
  publisher = {Oxford University Press ({OUP})},
  volume = {48},
  number = {11},
  pages = {5814--5824},
  author = {Xinjun Wang and Zhe Sun and Yanfu Zhang and Zhongli Xu and Hongyi Xin and Heng Huang and Richard H Duerr and Kong Chen and Ying Ding and Wei Chen},
  title = {{BREM}-{SC}: a bayesian random effects mixture model for joint clustering single cell multi-omics data},
  journal = {Nucleic Acids Research}
}
@article{Kim2020,
  doi = {10.1093/bioinformatics/btaa282},
  url = {https://doi.org/10.1093/bioinformatics/btaa282},
  year = {2020},
  month = apr,
  publisher = {Oxford University Press ({OUP})},
  volume = {36},
  number = {14},
  pages = {4137--4143},
  author = {Hani Jieun Kim and Yingxin Lin and Thomas A Geddes and Jean Yee Hwa Yang and Pengyi Yang},
  editor = {Anthony Mathelier},
  title = {{CiteFuse} enables multi-modal analysis of {CITE}-seq data},
  journal = {Bioinformatics}
}